<record><leader>00000cas a22000007a 4500</leader><controlfield tag="001">11609545</controlfield><controlfield tag="008">850123d18941897iauwr ne      0    0eng d</controlfield><datafield ind1=" " ind2=" " tag="010"><subfield code="a">sn 85049512 </subfield></datafield><datafield ind1=" " ind2=" " tag="040"><subfield code="a">INP</subfield><subfield code="b">eng</subfield><subfield code="c">INP</subfield><subfield code="d">OCLCQ</subfield></datafield><datafield ind1=" " ind2=" " tag="042"><subfield code="a">msc</subfield></datafield><datafield ind1="0" ind2="4" tag="245"><subfield code="a">The Iowa City herald.</subfield></datafield><datafield ind1=" " ind2=" " tag="260"><subfield code="a">Iowa City, Iowa :</subfield><subfield code="b">S.H. Sperry,</subfield><subfield code="c">1894-1897.</subfield></datafield><datafield ind1=" " ind2=" " tag="300"><subfield code="a">4 v. ;</subfield><subfield code="c">55 cm.</subfield></datafield><datafield ind1=" " ind2=" " tag="310"><subfield code="a">Weekly</subfield></datafield><datafield ind1="0" ind2=" " tag="362"><subfield code="a">Vol. 3, no. 20 [i.e. 21] (Feb. 21 [i.e. 28], 1894)-v. 6, no. 23 (Mar. 18, 1897).</subfield></datafield><datafield ind1=" " ind2=" " tag="500"><subfield code="a">Publishers: S.H. Sperry, Feb. 28, 1894-Nov. 14, 1895; Holbert, Hahn &amp; Adams, Nov. 21, 1895-Jan. 23, 1896; Herald Pub. Co., Jan. 30, 1896-Mar. 18, 1897.</subfield></datafield><datafield ind1=" " ind2=" " tag="500"><subfield code="a">Editor: Geo. B. Holbert, Mar. 26, 1896-Mar. 18, 1897.</subfield></datafield><datafield ind1=" " ind2=" " tag="515"><subfield code="a">Vol. 3, no. 21 (Feb. 28, 1894) misnumbered and misdated v. 3, no. 20 (Feb. 21, 1894).</subfield></datafield><datafield ind1=" " ind2=" " tag="752"><subfield code="a">United States</subfield><subfield code="b">Iowa</subfield><subfield code="c">Johnson</subfield><subfield code="d">Iowa City.</subfield></datafield><datafield ind1="0" ind2="0" tag="780"><subfield code="t">Independent herald (Iowa City, Iowa)</subfield><subfield code="w">(DLC)sn 85049511</subfield></datafield><datafield ind1="0" ind2="0" tag="785"><subfield code="t">Saturday herald (Iowa City, Iowa)</subfield><subfield code="w">(DLC)sn 85049513</subfield></datafield><datafield ind1="1" ind2=" " tag="029"><subfield code="a">AU@</subfield><subfield code="b">000025841545</subfield></datafield></record>